<record><leader>00000cas a2200000 a 4500</leader><controlfield tag="001">196594847</controlfield><controlfield tag="008">080222d19941997iluwr ne      0   a0eng c</controlfield><datafield ind1=" " ind2=" " tag="010"><subfield code="a">sn2008060408</subfield></datafield><datafield ind1=" " ind2=" " tag="040"><subfield code="a">NVF</subfield><subfield code="b">eng</subfield><subfield code="c">NVF</subfield><subfield code="d">NVF</subfield><subfield code="d">OCLCF</subfield><subfield code="d">OCLCO</subfield><subfield code="d">OCLCA</subfield><subfield code="d">OCLCQ</subfield><subfield code="d">OCL</subfield></datafield><datafield ind1=" " ind2=" " tag="042"><subfield code="a">pcc</subfield></datafield><datafield ind1=" " ind2=" " tag="043"><subfield code="a">n-us-il</subfield></datafield><datafield ind1="0" ind2="4" tag="245"><subfield code="a">The Bridgeport leader &amp; St. Francisville times.</subfield></datafield><datafield ind1="3" ind2=" " tag="246"><subfield code="a">Bridgeport leader &amp; Saint Francisville times</subfield></datafield><datafield ind1="3" ind2=" " tag="246"><subfield code="a">Bridgeport leader and St. Francisville times</subfield></datafield><datafield ind1="3" ind2=" " tag="246"><subfield code="a">Bridgeport leader and Saint Francisville times</subfield></datafield><datafield ind1=" " ind2=" " tag="260"><subfield code="a">Bridgeport, Ill. :</subfield><subfield code="b">Charlotte &amp; Louis Valbert,</subfield><subfield code="c">1994-1997.</subfield></datafield><datafield ind1=" " ind2=" " tag="300"><subfield code="a">v.</subfield></datafield><datafield ind1=" " ind2=" " tag="310"><subfield code="a">Weekly</subfield></datafield><datafield ind1="0" ind2=" " tag="362"><subfield code="a">Vol. 8, no. 115 (Feb. 17, 1994)- ; -v. 90, no. 49 (Dec. 4, 1997).</subfield></datafield><datafield ind1=" " ind2=" " tag="515"><subfield code="a">Continues the numbering of Bridgeport leader (Bridgeport, Ill. : 1978).</subfield></datafield><datafield ind1=" " ind2="0" tag="651"><subfield code="a">Bridgeport (Lawrence County, Ill.)</subfield><subfield code="v">Newspapers.</subfield></datafield><datafield ind1=" " ind2="0" tag="651"><subfield code="a">Saint Francisville (Ill.)</subfield><subfield code="v">Newspapers.</subfield></datafield><datafield ind1=" " ind2="7" tag="651"><subfield code="a">Illinois</subfield><subfield code="z">Bridgeport (Lawrence County)</subfield><subfield code="2">fast</subfield><subfield code="0">(OCoLC)fst01885485</subfield></datafield><datafield ind1=" " ind2="7" tag="651"><subfield code="a">Illinois</subfield><subfield code="z">Saint Francisville.</subfield><subfield code="2">fast</subfield><subfield code="0">(OCoLC)fst01229559</subfield></datafield><datafield ind1=" " ind2="7" tag="655"><subfield code="a">Newspapers.</subfield><subfield code="2">fast</subfield><subfield code="0">(OCoLC)fst01423814</subfield></datafield><datafield ind1=" " ind2=" " tag="752"><subfield code="a">United States</subfield><subfield code="b">Illinois</subfield><subfield code="c">Lawrence</subfield><subfield code="d">Bridgeport.</subfield></datafield><datafield ind1="0" ind2="0" tag="780"><subfield code="t">Bridgeport leader (Bridgeport, Lawrence County, Ill. : 1978)</subfield><subfield code="w">(DLC)sn 91054071</subfield><subfield code="w">(OCoLC)23830291</subfield></datafield><datafield ind1="0" ind2="0" tag="785"><subfield code="t">Bridgeport leader (Bridgeport, Lawrence County, Ill. : 1997)</subfield><subfield code="w">(DLC)sn2008060409</subfield><subfield code="w">(OCoLC)196616820</subfield></datafield></record>